<record xmlns="http://www.openarchives.org/OAI/2.0/" xmlns:xsi="http://www.w3.org/2001/XMLSchema-instance"><header><identifier>oai:alma.34CSIC_INST:990013515750204201</identifier><datestamp>2020-02-06T08:40:59Z</datestamp><setSpec>manuscripta</setSpec></header><metadata><record xmlns="http://www.loc.gov/MARC21/slim" xmlns:xsi="http://www.w3.org/2001/XMLSchema-instance" xsi:schemaLocation="http://www.loc.gov/MARC21/slim http://www.loc.gov/standards/marcxml/schema/MARC21slim.xsd"><leader>04951nam a2200613 i 4500</leader><controlfield tag="005">20181031100341.0</controlfield><controlfield tag="008">100909s17981213              000 0 ara d</controlfield><controlfield tag="001">990013515750204201</controlfield><datafield tag="035" ind1=" " ind2=" "><subfield code="a">CSIC001351575</subfield></datafield><datafield tag="035" ind1=" " ind2=" "><subfield code="a">(ES-MaCSI)001351575MAD01-Aleph</subfield></datafield><datafield tag="035" ind1=" " ind2=" "><subfield code="a">(OCoLC)1123769615
</subfield></datafield><datafield tag="040" ind1=" " ind2=" "><subfield code="a">ES-MaCSI</subfield><subfield code="b">spa</subfield></datafield><datafield tag="245" ind1="1" ind2="0"><subfield code="a">شرح قواعد اللّغة‭</subfield><subfield code="h">[‭Manuscrito]</subfield></datafield><datafield tag="260" ind1=" " ind2=" "><subfield code="c">[S. f.].</subfield></datafield><datafield tag="300" ind1=" " ind2=" "><subfield code="a">139 f. con guardas sólo al final (el folio 139 está pegado al 138) más una nota suelta al final del volumen ;</subfield><subfield code="c">23 x 17 cm (caja: 16 x 11,5 cm).</subfield></datafield><datafield tag="490" ind1="1" ind2=" "><subfield code="a">Manuscripta</subfield></datafield><datafield tag="546" ind1=" " ind2=" "><subfield code="a">Arabe</subfield><subfield code="b">Escritura magrebí</subfield></datafield><datafield tag="500" ind1=" " ind2=" "><subfield code="a">Título transliterado: Šarḥ qawāʽid al-luga</subfield></datafield><datafield tag="500" ind1=" " ind2=" "><subfield code="a">Título tomado de fuente externa</subfield></datafield><datafield tag="500" ind1=" " ind2=" "><subfield code="a">Distribución: 1 col. Tiene 25 líneas por página</subfield></datafield><datafield tag="500" ind1=" " ind2=" "><subfield code="a">Material: Papel</subfield></datafield><datafield tag="500" ind1=" " ind2=" "><subfield code="a">Tinta: Marrón y roja</subfield></datafield><datafield tag="500" ind1=" " ind2=" "><subfield code="a">‪Incipit:الحمد لله</subfield></datafield><datafield tag="500" ind1=" " ind2=" "><subfield code="a">‪Explicit: Texto ilegible</subfield></datafield><datafield tag="500" ind1=" " ind2=" "><subfield code="a">Lugar de escritura: No consta</subfield></datafield><datafield tag="500" ind1=" " ind2=" "><subfield code="a">Copista: No consta</subfield></datafield><datafield tag="500" ind1=" " ind2=" "><subfield code="a">‪Colofón: Texto ilegible</subfield></datafield><datafield tag="500" ind1=" " ind2=" "><subfield code="a">Características especiales: Texto sin vocalizar</subfield></datafield><datafield tag="500" ind1=" " ind2=" "><subfield code="a">Ilustración: No</subfield></datafield><datafield tag="500" ind1=" " ind2=" "><subfield code="a">Ilustraciones: Los epígrafes, al igual que algunas palabras del texto, aparecen en tinta roja</subfield></datafield><datafield tag="500" ind1=" " ind2=" "><subfield code="a">Tipo de cuaderno: 14 cuads.: 2 cuaterniones y 12 quiniones, más 3 folios sueltos.</subfield></datafield><datafield tag="500" ind1=" " ind2=" "><subfield code="a">Deterioros: Galerías, arrugas, pliegues y manchas de humedad que afectan a casi la totalidad del folio lo que ha hecho que se pierda el texto completamente en algunos de ellos o resulte casi ilegible en muchos. A partir del folio 133 hasta el final del volumen, los folios están rotos.</subfield></datafield><datafield tag="500" ind1=" " ind2=" "><subfield code="a">H en blanco: No</subfield></datafield><datafield tag="500" ind1=" " ind2=" "><subfield code="a">H dañadas, mutiladas, sueltas: No</subfield></datafield><datafield tag="500" ind1=" " ind2=" "><subfield code="a">H faltan o añadidas: No</subfield></datafield><datafield tag="500" ind1=" " ind2=" "><subfield code="a">Foliación: Sin foliación original. - Foliación moderna a lápiz hecha por Naima Anahnah (2010)</subfield></datafield><datafield tag="500" ind1=" " ind2=" "><subfield code="a">Reclamos: Reclamos en tinta marrón o roja en el margen inferior izquierdo de todos los folios verso, aunque en algunos resulte casi ilegible.</subfield></datafield><datafield tag="500" ind1=" " ind2=" "><subfield code="a">Sign. cuad.: No</subfield></datafield><datafield tag="500" ind1=" " ind2=" "><subfield code="a">Pautado: Punta seca (casi inapreciable).</subfield></datafield><datafield tag="500" ind1=" " ind2=" "><subfield code="a">Filigrana: Montaña de seis picos. Circunferencia cuyo interior alberga un águila con las alas desplegadas. Circunferencia cuyo interior alberga una figura ilegible por la humedad y las galerías.</subfield></datafield><datafield tag="563" ind1=" " ind2=" "><subfield code="a">De la encuadernación original, en piel marrón oscuro sobre papelón, sólo se conserva la tapa posterior y parte del lomo. La decoración de la tapa consta de un mosaico central y dos orlas de ruedas gofradas con entrecalles decorado con motivos florales. Sobre la tapa posterior aparece un fragmento de papel manuscrito pegado. La tapa principal es de cartón forrado con papel estampado en negro y con cuatro incisiones, está suelta y parece un añadido posterior.</subfield></datafield><datafield tag="541" ind1=" " ind2=" "><subfield code="a">Procedencia: Escuela de Estudios Árabes</subfield><subfield code="c">[Carlos Quirós Rodríguez]</subfield><subfield code="d">[198-?]</subfield></datafield><datafield tag="500" ind1=" " ind2=" "><subfield code="a">Signatura antigua: No</subfield></datafield><datafield tag="500" ind1=" " ind2=" "><subfield code="a">Anotaciones: Anotaciones marginales en tinta marrón del propio copista y de una mano posterior. En los folios 138v y 139r se aprecia un texto en tinta negra en un trazo mucho más grande que el del texto de la obra y que al estar los folios pegados resulta difícil de leer. Por otro lado, en el folio 139v se lee, en grandes trazos en tinta marrón, la Šahāda seguida de tres Taṣliyas diferentes. Mientras que, en el interior de la tapa posterior se aprecian unos garabatos y de bajo de ellos se lee ʽAbd al-Salām b. ʽAlī, además se repiten en grandes trazos unas palabras cuyos caracteres iniciales los tapa una tira de papel, que hace que sea difícil leerlas. También, se aprecia un fragmento roto de papel manuscrito por las dos caras, de pequeñas dimensiones pegado en el exterior de la tapa posterior del volumen. Al final del volumen se inserta una carta manuscrita suelta de pequeñas dimensiones (10,7 x 14 cm) en papel de cuadros con texto en tinta azul por una cara y a lápiz por la otra.</subfield></datafield><datafield tag="510" ind1=" " ind2=" "><subfield code="a">No</subfield></datafield><datafield tag="581" ind1=" " ind2=" "><subfield code="a">Descripción: No</subfield></datafield><datafield tag="530" ind1=" " ind2=" "><subfield code="a">Otros soportes: No</subfield></datafield><datafield tag="581" ind1=" " ind2=" "><subfield code="a">Edición: No</subfield></datafield><datafield tag="520" ind1="2" ind2=" "><subfield code="a">Contenido: Šarḥ qawāʽid al-luga ; Carta manuscrita</subfield></datafield><datafield tag="650" ind1=" " ind2="7"><subfield code="a">Arabe</subfield><subfield code="x">Gramática</subfield><subfield code="v">Manuscritos.</subfield><subfield code="2">CSICAU</subfield></datafield><datafield tag="740" ind1="0" ind2=" "><subfield code="a">Šarḥ qawāʽid al-luga</subfield></datafield><datafield tag="830" ind1=" " ind2="0"><subfield code="a">Manuscripta</subfield></datafield><datafield tag="856" ind1="4" ind2="1"><subfield code="u">http://aleph.csic.es/imagenes/mad01/0006_PMSC/P_001351575_786647_V00.pdf</subfield><subfield code="z">Descargar Pdf completo (28M)</subfield><subfield code="m">CSIC</subfield></datafield><datafield tag="856" ind1="4" ind2="1"><subfield code="u">http://simurg.bibliotecas.csic.es/viewer/image/CSIC001351575/1/</subfield><subfield code="z">Ver texto completo en SIMURG, el portal de fondos digitalizados del CSIC</subfield><subfield code="m">CSIC</subfield></datafield><datafield tag="856" ind1="4" ind2="1"><subfield code="u">http://aleph.csic.es/imagenes/mad01/0006_PMSC/html/001351575.html</subfield><subfield code="z">Ver texto completo en Bookreader</subfield></datafield></record></metadata></record>